@inproceedings{Kalliamvakou:2014:PPM:2597073.2597074,
 author = {Kalliamvakou, Eirini and Gousios, Georgios and Blincoe, Kelly and Singer, Leif and German, Daniel M. and Damian, Daniela},
 title = {The Promises and Perils of Mining GitHub},
 booktitle = {Proceedings of the 11th Working Conference on Mining Software Repositories},
 series = {MSR 2014},
 year = {2014},
 isbn = {978-1-4503-2863-0},
 location = {Hyderabad, India},
 pages = {92--101},
 numpages = {10},
 url = {http://doi.acm.org/10.1145/2597073.2597074},
 doi = {10.1145/2597073.2597074},
 acmid = {2597074},
 publisher = {ACM},
 address = {New York, NY, USA},
 keywords = {Mining software repositories, bias, code reviews, git, github},
} 


@INPROCEEDINGS{5071408, 
author={de Alwis, B. and Sillito, J.}, 
booktitle={Cooperative and Human Aspects on Software Engineering, 2009. CHASE '09. ICSE Workshop on}, 
title={Why are software projects moving from centralized to decentralized version control systems?}, 
year={2009}, 
month={May}, 
pages={36-39}, 
keywords={configuration management;project management;software management;centralized version control systems;closed-source projects;decentralized version control systems;open-source projects;software projects;source code repositories;Centralized control;Computer science;Control systems;Open source software;Programming;Project management;Quality management;Software development management;Software quality;Switches}, 
doi={10.1109/CHASE.2009.5071408},}

@book{chacon2009pro,
  title={Pro git},
  author={Chacon, Scott and Hamano, Junio C},
  volume={288},
  year={2009},
  publisher={Springer}
}

@INPROCEEDINGS{6607694, 
author={Rigby, P.C. and Barr, E.T. and Bird, C. and Devanbu, P. and German, D.M.}, 
booktitle={Release Engineering (RELENG), 2013 1st International Workshop on}, 
title={What effect does Distributed Version Control have on OSS project organization?}, 
year={2013}, 
month={May}, 
pages={29-32}, 
keywords={Linux;configuration management;groupware;project management;public domain software;social networking (online);CVC;GitHub;Linux project;OSS project organization;centralized version control;consensus-building;dictatorship;distributed version control;experienced DVC users;hierarchical communities;open source software projects;peer group;project organization-developer collaboration;social media sites;Collaboration;Communities;Context;Educational institutions;Kernel;Linux;Organizations}, 
doi={10.1109/RELENG.2013.6607694},}

@ARTICLE{6188603, 
author={Spinellis, D.}, 
journal={Software, IEEE}, 
title={Git}, 
year={2012}, 
month={May}, 
volume={29}, 
number={3}, 
pages={100-101}, 
keywords={GitHub;configuration management;distributed version control;git}, 
doi={10.1109/MS.2012.61}, 
ISSN={0740-7459},}

@inproceedings{Begel:2010:SMS:1882362.1882370,
 author = {Begel, Andrew and DeLine, Robert and Zimmermann, Thomas},
 title = {Social Media for Software Engineering},
 booktitle = {Proceedings of the FSE/SDP Workshop on Future of Software Engineering Research},
 series = {FoSER '10},
 year = {2010},
 isbn = {978-1-4503-0427-6},
 location = {Santa Fe, New Mexico, USA},
 pages = {33--38},
 numpages = {6},
 url = {http://doi.acm.org/10.1145/1882362.1882370},
 doi = {10.1145/1882362.1882370},
 acmid = {1882370},
 publisher = {ACM},
 address = {New York, NY, USA},
 keywords = {privacy, social networking, software engineering, web 2.0},
}

@INPROCEEDINGS{6754343, 
author={Onoue, S. and Hata, H. and Matsumoto, K.-I.}, 
booktitle={Software Engineering Conference (APSEC, 2013 20th Asia-Pacific}, 
title={A Study of the Characteristics of Developers' Activities in GitHub}, 
year={2013}, 
month={Dec}, 
volume={2}, 
pages={7-12}, 
keywords={application program interfaces;public domain software;software engineering;API;GitHub data;active software projects;open source software development;software development projects;Blogs;Encoding;Gold;Open source software;Privacy;Radar}, 
doi={10.1109/APSEC.2013.104}, 
ISSN={1530-1362},}

@INPROCEEDINGS{6754372, 
author={Yang Weicheng and Shen Beijun and Xu Ben}, 
booktitle={Software Engineering Conference (APSEC, 2013 20th Asia-Pacific}, 
title={Mining GitHub: Why Commit Stops -- Exploring the Relationship between Developer's Commit Pattern and File Version Evolution}, 
year={2013}, 
month={Dec}, 
volume={2}, 
pages={165-169}, 
keywords={data mining;data visualisation;software maintenance;CAT;GitHub freeware;GitHub software repository mining;GitHub software version evolution;code evolution;commit pattern;commits analysis tool;file version evolution;open source project;pattern mining;visualization technique;Data mining;Data visualization;History;Java;Measurement;Software;Visualization;GitHub;commit pattern;repository mining;version evolution;visualization technology}, 
doi={10.1109/APSEC.2013.133}, 
ISSN={1530-1362},}

@inproceedings{Storey:2010:ISM:1882362.1882435,
 author = {Storey, Margaret-Anne and Treude, Christoph and van Deursen, Arie and Cheng, Li-Te},
 title = {The Impact of Social Media on Software Engineering Practices and Tools},
 booktitle = {Proceedings of the FSE/SDP Workshop on Future of Software Engineering Research},
 series = {FoSER '10},
 year = {2010},
 isbn = {978-1-4503-0427-6},
 location = {Santa Fe, New Mexico, USA},
 pages = {359--364},
 numpages = {6},
 url = {http://doi.acm.org/10.1145/1882362.1882435},
 doi = {10.1145/1882362.1882435},
 acmid = {1882435},
 publisher = {ACM},
 address = {New York, NY, USA},
 keywords = {social media, software engineering tools, web 2.0},
}

@inproceedings{Choi:2013:ISF:2491055.2491081,
 author = {Choi, Junghong and Kim, Jinwoo and Ferwerda, Bruce and Moon, Jae Yun and Hahn, Jungpil},
 title = {Impact of Social Features Implemented in Open Collaboration Platforms on Volunteer Self-organization: Case Study of Open Source Software Development},
 booktitle = {Proceedings of the 9th International Symposium on Open Collaboration},
 series = {WikiSym '13},
 year = {2013},
 isbn = {978-1-4503-1852-5},
 location = {Hong Kong, China},
 pages = {25:1--25:2},
 articleno = {25},
 numpages = {2},
 url = {http://doi.acm.org/10.1145/2491055.2491081},
 doi = {10.1145/2491055.2491081},
 acmid = {2491081},
 publisher = {ACM},
 address = {New York, NY, USA},
 keywords = {github, information overload, open source software development, social coding, social computing, transparency},
}



@inproceedings{Dabbish:2012:SCG:2145204.2145396,
 author = {Dabbish, Laura and Stuart, Colleen and Tsay, Jason and Herbsleb, Jim},
 title = {Social Coding in GitHub: Transparency and Collaboration in an Open Software Repository},
 booktitle = {Proceedings of the ACM 2012 Conference on Computer Supported Cooperative Work},
 series = {CSCW '12},
 year = {2012},
 isbn = {978-1-4503-1086-4},
 location = {Seattle, Washington, USA},
 pages = {1277--1286},
 numpages = {10},
 url = {http://doi.acm.org/10.1145/2145204.2145396},
 doi = {10.1145/2145204.2145396},
 acmid = {2145396},
 publisher = {ACM},
 address = {New York, NY, USA},
 keywords = {awareness, collaboration, coordination, open source software development, social computing, transparency},
}

@ARTICLE{6357175, 
author={Dabbish, L. and Stuart, C. and Tsay, J. and Herbsleb, J.}, 
journal={Software, IEEE}, 
title={Leveraging Transparency}, 
year={2013}, 
month={Jan}, 
volume={30}, 
number={1}, 
pages={37-43}, 
keywords={Internet;project management;security of data;social networking (online);GitHub;development environments;distributed version control;learning opportunities;project management;social networking functionality;transparency leverage;Collaboration;Information technology;Organizational aspects;Social network services;Software engineering;Software management;User interfaces;Collaboration;HCI;Information technology;Organizational aspects;Social network services;Software engineering;Software management;User interfaces;coordination;group interfaces;information interfaces and representation;information technology and systems;organization interfaces;organizational management;software engineering;software engineering tools and techniques}, 
doi={10.1109/MS.2012.172}, 
ISSN={0740-7459},}

@INPROCEEDINGS{6224294, 
author={Gousios, G. and Spinellis, D.}, 
booktitle={Mining Software Repositories (MSR), 2012 9th IEEE Working Conference on}, 
title={GHTorrent: Github's data from a firehose}, 
year={2012}, 
pages={12-21}, 
keywords={application program interfaces;data acquisition;public domain software;software engineering;storage management;GHTorrent;Github data;REST API;collaboration platform;data acquisition;data curation;mirroring platform;open source software;project hosting platform;project resources;software engineering studies;software repositories;user actions;Communities;Distributed databases;Electronic mail;Organizations;Peer to peer computing;Protocols;GitHub;commits;dataset;events;repository}, 
doi={10.1109/MSR.2012.6224294}, 
ISSN={2160-1852},}

@INPROCEEDINGS{6606588, 
author={Dyer, R. and Hoan Anh Nguyen and Rajan, H. and Nguyen, T.N.}, 
booktitle={Software Engineering (ICSE), 2013 35th International Conference on}, 
title={Boa: A language and infrastructure for analyzing ultra-large-scale software repositories}, 
year={2013}, 
month={May}, 
pages={422-431}, 
keywords={Internet;software packages;Alexandria new library;Boa;Boa infrastructure;GitHub;Google code;MSR related hypotheses;SourceForge;domain specific language;mining software repository;software centric world;systematic extraction;ultra-large-scale software repositories analysis;Data mining;Java;Libraries;Protocols;Runtime;Software;ease of use;lower barrier to entry;mining;repository;reproducible;scalable;software}, 
doi={10.1109/ICSE.2013.6606588},}

@INPROCEEDINGS{6601829, 
author={Bissyande, T.F. and Thung, F. and Lo, D. and Lingxiao Jiang and Reveillere, L.}, 
booktitle={Engineering of Complex Computer Systems (ICECCS), 2013 18th International Conference on}, 
title={Orion: A Software Project Search Engine with Integrated Diverse Software Artifacts}, 
year={2013}, 
month={July}, 
pages={242-245}, 
keywords={search engines;software engineering;Orion;complex search queries;integrated diverse software artifacts;integrated search engine architecture;software development artifacts;software project search engine;software repositories;DSL;Data mining;Databases;Google;Licenses;Search engines;Software;DSL;GitHub;Orion;Project Search}, 
doi={10.1109/ICECCS.2013.42},}

@ARTICLE{6401114, 
author={Begel, A. and Bosch, J. and Storey, M.-A.}, 
journal={Software, IEEE}, 
title={Social Networking Meets Software Development: Perspectives from GitHub, MSDN, Stack Exchange, and TopCoder}, 
year={2013}, 
month={Jan}, 
volume={30}, 
number={1}, 
pages={52-66}, 
keywords={Internet;configuration management;marketing;social networking (online);software engineering;GitHub marketing;MSDN;Microsoft;TopCoder community;TopCoder platform;principal group program manager;second Web extra;social networking;software companies;source control systems;stack exchange;third Web extra;today software development world;unique distributed capabilities;Human factors;Social network services;Software development;Github;Microsoft;Stack Exchange;TopCoder;community;social networking;software}, 
doi={10.1109/MS.2013.13}, 
ISSN={0740-7459},}

@inproceedings{Tsay:2012:SMS:2141512.2141583,
 author = {Tsay, Jason T. and Dabbish, Laura and Herbsleb, James},
 title = {Social Media and Success in Open Source Projects},
 booktitle = {Proceedings of the ACM 2012 Conference on Computer Supported Cooperative Work Companion},
 series = {CSCW '12},
 year = {2012},
 isbn = {978-1-4503-1051-2},
 location = {Seattle, Washington, USA},
 pages = {223--226},
 numpages = {4},
 url = {http://doi.acm.org/10.1145/2141512.2141583},
 doi = {10.1145/2141512.2141583},
 acmid = {2141583},
 publisher = {ACM},
 address = {New York, NY, USA},
 keywords = {open source, social media, software development, success},
}

@INPROCEEDINGS{6498480, 
author={Thung, F. and Bissyande, T.F. and Lo, D. and Lingxiao Jiang}, 
booktitle={Software Maintenance and Reengineering (CSMR), 2013 17th European Conference on}, 
title={Network Structure of Social Coding in GitHub}, 
year={2013}, 
pages={323-326}, 
keywords={graph theory;groupware;social networking (online);software engineering;GitHub;PageRank;building tool support;collaborative software development;developer-developer relationship graph;development paradigm;network structure;project hosting platform;project-project relationship graph;social coding site;social programmer;umbrella site;GitHub;Social coding;developer-developer network;project-project network}, 
doi={10.1109/CSMR.2013.41}, 
ISSN={1534-5351}}

@INPROCEEDINGS{6511892, 
author={Loyola, P. and In-Young Ko}, 
booktitle={Web Intelligence and Intelligent Agent Technology (WI-IAT), 2012 IEEE/WIC/ACM International Conferences on}, 
title={Biological Mutualistic Models Applied to Study Open Source Software Development}, 
year={2012}, 
month={Dec}, 
volume={1}, 
pages={248-253}, 
keywords={biology;groupware;public domain software;software quality;software reliability;Github collaborative platform;Lotka-Volterra-based biological models;Web evolution;biological mutualistic models;collaborative work;concept mutualism;cooperation level;host-parasite interaction;interaction level;mutualistic system;open source initiative;open source phenomena;open source software development;social parasites;software quality;software reliability;open source software development;population models;web-based collaborative work}, 
doi={10.1109/WI-IAT.2012.228},}

@misc{takhteyev2010investigating,
  title={Investigating the geography of open source software through GitHub},
  author={Takhteyev, Yuri and Hilts, Andrew},
  year={2010}
}

@INPROCEEDINGS{6456216, 
author={Xu Ben and Shen Beijun and Yang Weicheng}, 
booktitle={Intelligent System Design and Engineering Applications (ISDEA), 2013 Third International Conference on}, 
title={Mining Developer Contribution in Open Source Software Using Visualization Techniques}, 
year={2013}, 
month={Jan}, 
pages={934-937}, 
keywords={data analysis;data mining;data visualisation;public domain software;software management;aspects-influencing factors;developer early period contribution;developer later period contribution;github;mining developer contribution;open source environment;open source software;potential long-term contributors;project owners;region characteristics;software evolution area;time characteristics;visual analysis;visualization techniques;Data visualization;Linear regression;Measurement;Open source software;Visualization;contribution characteristics;open source software;software evolution;visual analysis}, 
doi={10.1109/ISDEA.2012.223},}

@inproceedings{Heller:2011:VCI:1985441.1985476,
 author = {Heller, Brandon and Marschner, Eli and Rosenfeld, Evan and Heer, Jeffrey},
 title = {Visualizing Collaboration and Influence in the Open-source Software Community},
 booktitle = {Proceedings of the 8th Working Conference on Mining Software Repositories},
 series = {MSR '11},
 year = {2011},
 isbn = {978-1-4503-0574-7},
 location = {Waikiki, Honolulu, HI, USA},
 pages = {223--226},
 numpages = {4},
 url = {http://doi.acm.org/10.1145/1985441.1985476},
 doi = {10.1145/1985441.1985476},
 acmid = {1985476},
 publisher = {ACM},
 address = {New York, NY, USA},
 keywords = {collaboration, data exploration, geoscatter, github, mapping, open source, social graph, visualization},
}

@INPROCEEDINGS{6650532, 
author={Shrestha, A. and Ying Zhu and Miller, B.}, 
booktitle={Software Visualization (VISSOFT), 2013 First IEEE Working Conference on}, 
title={Visualizing time and geography of open source software with storygraph}, 
year={2013}, 
month={Sept}, 
pages={1-4}, 
keywords={data visualisation;distributed programming;public domain software;socio-economic effects;D3.js;Free/Libre and Open source software;GitHub;Homebrew;Storygraph;VCS of Rails;geographic location;geography;online collaboration platforms;open source software;socio-economic marker;spatio-temporal visualization technique;subversion systems;time visualization;Collaboration;Data visualization;Educational institutions;Google;Open source software;Rails}, 
doi={10.1109/VISSOFT.2013.6650532},}


@INPROCEEDINGS{6671288, 
author={Jing Jiang and Li Zhang and Lei Li}, 
booktitle={Reverse Engineering (WCRE), 2013 20th Working Conference on}, 
title={Understanding project dissemination on a social coding site}, 
year={2013}, 
pages={132-141}, 
keywords={social networking (online);software engineering;BitBucket;GitHub;project diffusion characteristics;project dissemination understanding;social coding site;social graphs reciprocity;social graphs topological characteristics;social links;social relationships;software development;Encoding;Open source software;Organizations;Standards organizations;Twitter}, 
doi={10.1109/WCRE.2013.6671288},}

@inproceedings{Albano:2013:MTI:2492517.2492634,
 author = {Albano, Alice and Guillaume, Jean-Loup and Heymann, S{\'e}bastien and Grand, B{\'e}n{\'e}dicte Le},
 title = {A Matter of Time - Intrinsic or Extrinsic - for Diffusion in Evolving Complex Networks},
 booktitle = {Proceedings of the 2013 IEEE/ACM International Conference on Advances in Social Networks Analysis and Mining},
 series = {ASONAM '13},
 year = {2013},
 isbn = {978-1-4503-2240-9},
 location = {Niagara, Ontario, Canada},
 pages = {202--206},
 numpages = {5},
 url = {http://doi.acm.org/10.1145/2492517.2492634},
 doi = {10.1145/2492517.2492634},
 acmid = {2492634},
 publisher = {ACM},
 address = {New York, NY, USA},
}

@inproceedings{Majumder:2012:CTF:2339530.2339690,
 author = {Majumder, Anirban and Datta, Samik and Naidu, K.V.M.},
 title = {Capacitated Team Formation Problem on Social Networks},
 booktitle = {Proceedings of the 18th ACM SIGKDD International Conference on Knowledge Discovery and Data Mining},
 series = {KDD '12},
 year = {2012},
 isbn = {978-1-4503-1462-6},
 location = {Beijing, China},
 pages = {1005--1013},
 numpages = {9},
 url = {http://doi.acm.org/10.1145/2339530.2339690},
 doi = {10.1145/2339530.2339690},
 acmid = {2339690},
 publisher = {ACM},
 address = {New York, NY, USA},
 keywords = {capacity, social networks, team formation},
}

@inproceedings{Marlow:2013:IFO:2441776.2441792,
 author = {Marlow, Jennifer and Dabbish, Laura and Herbsleb, Jim},
 title = {Impression Formation in Online Peer Production: Activity Traces and Personal Profiles in Github},
 booktitle = {Proceedings of the 2013 Conference on Computer Supported Cooperative Work},
 series = {CSCW '13},
 year = {2013},
 isbn = {978-1-4503-1331-5},
 location = {San Antonio, Texas, USA},
 pages = {117--128},
 numpages = {12},
 url = {http://doi.acm.org/10.1145/2441776.2441792},
 doi = {10.1145/2441776.2441792},
 acmid = {2441792},
 publisher = {ACM},
 address = {New York, NY, USA},
 keywords = {activity traces, collaborative software development, impression formation, peer production},
}

@inproceedings{Singer:2013:MAS:2441776.2441791,
 author = {Singer, Leif and Figueira Filho, Fernando and Cleary, Brendan and Treude, Christoph and Storey, Margaret-Anne and Schneider, Kurt},
 title = {Mutual Assessment in the Social Programmer Ecosystem: An Empirical Investigation of Developer Profile Aggregators},
 booktitle = {Proceedings of the 2013 Conference on Computer Supported Cooperative Work},
 series = {CSCW '13},
 year = {2013},
 isbn = {978-1-4503-1331-5},
 location = {San Antonio, Texas, USA},
 pages = {103--116},
 numpages = {14},
 url = {http://doi.acm.org/10.1145/2441776.2441791},
 doi = {10.1145/2441776.2441791},
 acmid = {2441791},
 publisher = {ACM},
 address = {New York, NY, USA},
 keywords = {gamification, motivation, reputation, social code sharing, social media, software development, software engineering, virtual communities},
}

@inproceedings{West:2012:TCR:2462932.2462950,
 author = {West, Andrew G. and Lee, Insup},
 title = {Towards Content-driven Reputation for Collaborative Code Repositories},
 booktitle = {Proceedings of the Eighth Annual International Symposium on Wikis and Open Collaboration},
 series = {WikiSym '12},
 year = {2012},
 isbn = {978-1-4503-1605-7},
 location = {Linz, Austria},
 pages = {13:1--13:4},
 articleno = {13},
 numpages = {4},
 url = {http://doi.acm.org/10.1145/2462932.2462950},
 doi = {10.1145/2462932.2462950},
 acmid = {2462950},
 publisher = {ACM},
 address = {New York, NY, USA},
 keywords = {SVN, WikiTrust, code quality, code repository, content persistence, reputation, trust management, wikis},
}

@INPROCEEDINGS{5645568, 
author={Surian, D. and Lo, D. and Ee-Peng Lim}, 
booktitle={Reverse Engineering (WCRE), 2010 17th Working Conference on}, 
title={Mining Collaboration Patterns from a Large Developer Network}, 
year={2010}, 
month={Oct}, 
pages={269-273}, 
keywords={data mining;graph theory;groupware;statistical analysis;Source Forge. Net;collaboration pattern mining;graph matching;graph mining;hard NP-complete problem;large developer network;network-level statistics;topological subgraph pattern;Collaboration;Data mining;Databases;Pattern matching;Programming;Runtime;Software;Collaboration Patterns;Developer Networks;Distributed Software Development;Graph Matching;Graph Mining;Network Mining;Open Source Projects}, 
doi={10.1109/WCRE.2010.38}, 
ISSN={1095-1350},}

@inproceedings{Allaho:2013:AST:2492517.2492627,
 author = {Allaho, Mohammad Y. and Lee, Wang-Chien},
 title = {Analyzing the Social Ties and Structure of Contributors in Open Source Software Community},
 booktitle = {Proceedings of the 2013 IEEE/ACM International Conference on Advances in Social Networks Analysis and Mining},
 series = {ASONAM '13},
 year = {2013},
 isbn = {978-1-4503-2240-9},
 location = {Niagara, Ontario, Canada},
 pages = {56--60},
 numpages = {5},
 url = {http://doi.acm.org/10.1145/2492517.2492627},
 doi = {10.1145/2492517.2492627},
 acmid = {2492627},
 publisher = {ACM},
 address = {New York, NY, USA},
}

@inproceedings{Choi:2013:HOS:2441955.2441989,
 author = {Choi, Joohee and Choi, Junghong and Moon, Jae Yun and Hahn, Jungpil and Kim, Jinwoo},
 title = {Herding in Open Source Software Development: An Exploratory Study},
 booktitle = {Proceedings of the 2013 Conference on Computer Supported Cooperative Work Companion},
 series = {CSCW '13},
 year = {2013},
 isbn = {978-1-4503-1332-2},
 location = {San Antonio, Texas, USA},
 pages = {129--134},
 numpages = {6},
 url = {http://doi.acm.org/10.1145/2441955.2441989},
 doi = {10.1145/2441955.2441989},
 acmid = {2441989},
 publisher = {ACM},
 address = {New York, NY, USA},
 keywords = {collaboration, collaborative software development, coordination, open source software development, social computing},
}

@inproceedings{Lee:2013:GDU:2468356.2468381,
 author = {Lee, Michael J. and Ferwerda, Bruce and Choi, Junghong and Hahn, Jungpil and Moon, Jae Yun and Kim, Jinwoo},
 title = {GitHub Developers Use Rockstars to Overcome Overflow of News},
 booktitle = {CHI '13 Extended Abstracts on Human Factors in Computing Systems},
 series = {CHI EA '13},
 year = {2013},
 isbn = {978-1-4503-1952-2},
 location = {Paris, France},
 pages = {133--138},
 numpages = {6},
 url = {http://doi.acm.org/10.1145/2468356.2468381},
 doi = {10.1145/2468356.2468381},
 acmid = {2468381},
 publisher = {ACM},
 address = {New York, NY, USA},
 keywords = {GitHub, open source, social coding, social computing},
}

@INPROCEEDINGS{6698918, 
author={Bissyande, Tegawende F. and Lo, David and Jiang, Lingxiao and Reveillere, Laurent and Klein, Jacques and Traon, Yves Le}, 
booktitle={Software Reliability Engineering (ISSRE), 2013 IEEE 24th International Symposium on}, 
title={Got issues? Who cares about it? A large scale investigation of issue trackers from GitHub}, 
year={2013}, 
pages={188-197}, 
doi={10.1109/ISSRE.2013.6698918},}

@inproceedings{McDonald:2013:PPO:2468356.2468382,
 author = {McDonald, Nora and Goggins, Sean},
 title = {Performance and Participation in Open Source Software on GitHub},
 booktitle = {CHI '13 Extended Abstracts on Human Factors in Computing Systems},
 series = {CHI EA '13},
 year = {2013},
 isbn = {978-1-4503-1952-2},
 location = {Paris, France},
 pages = {139--144},
 numpages = {6},
 url = {http://doi.acm.org/10.1145/2468356.2468382},
 doi = {10.1145/2468356.2468382},
 acmid = {2468382},
 publisher = {ACM},
 address = {New York, NY, USA},
 keywords = {open source software, performance, social computing},
}

@inproceedings{Pham:2013:CSU:2486788.2486804,
 author = {Pham, Raphael and Singer, Leif and Liskin, Olga and Figueira Filho, Fernando and Schneider, Kurt},
 title = {Creating a Shared Understanding of Testing Culture on a Social Coding Site},
 booktitle = {Proceedings of the 2013 International Conference on Software Engineering},
 series = {ICSE '13},
 year = {2013},
 isbn = {978-1-4673-3076-3},
 location = {San Francisco, CA, USA},
 pages = {112--121},
 numpages = {10},
 url = {http://dl.acm.org/citation.cfm?id=2486788.2486804},
 acmid = {2486804},
 publisher = {IEEE Press},
 address = {Piscataway, NJ, USA},
}


@INPROCEEDINGS{6606680, 
author={Pham, R. and Singer, L. and Schneider, K.}, 
booktitle={Software Engineering (ICSE), 2013 35th International Conference on}, 
title={Building test suites in social coding sites by leveraging drive-by commits}, 
year={2013}, 
month={May}, 
pages={1209-1212}, 
keywords={program testing;quality assurance;social networking (online);software maintenance;software quality;GitHub projects;automated test suites;coding skills;continuous integration;crowdsourcing;drive-by commits phenomenon;project quality assurance improvement;quality assurance skills;regression testing;social coding sites;software maintenance task;software product quality;Collaboration;Communities;Companies;Encoding;Quality assurance;Software;Testing}, 
doi={10.1109/ICSE.2013.6606680},}

@inproceedings{Treude:2011:PAA:1985793.1985907,
 author = {Treude, Christoph and Barzilay, Ohad and Storey, Margaret-Anne},
 title = {How Do Programmers Ask and Answer Questions on the Web? (NIER Track)},
 booktitle = {Proceedings of the 33rd International Conference on Software Engineering},
 series = {ICSE '11},
 year = {2011},
 isbn = {978-1-4503-0445-0},
 location = {Waikiki, Honolulu, HI, USA},
 pages = {804--807},
 numpages = {4},
 url = {http://doi.acm.org/10.1145/1985793.1985907},
 doi = {10.1145/1985793.1985907},
 acmid = {1985907},
 publisher = {ACM},
 address = {New York, NY, USA},
 keywords = {q\&\#38;a, questions, social media, stack overflow},
}

@INPROCEEDINGS{6693332, 
author={Vasilescu, Bogdan and Filkov, Vladimir and Serebrenik, Alexander}, 
booktitle={Social Computing (SocialCom), 2013 International Conference on}, 
title={StackOverflow and GitHub: Associations between Software Development and Crowdsourced Knowledge}, 
year={2013}, 
pages={188-195}, 
keywords={crowdsourced knowledge;social media;software development}, 
doi={10.1109/SocialCom.2013.35},}

@ARTICLE{6336698, 
author={Capiluppi, A. and Serebrenik, A. and Singer, L.}, 
journal={Software, IEEE}, 
title={\textbf{Assessing Technical Candidates on the Social Web}}, 
year={2013}, 
month={Jan}, 
volume={30}, 
number={1}, 
pages={45-51}, 
keywords={Internet;public domain software;recruitment;social networking (online);candidate characteristics;candidate skills;employers;job seekers;knowledge-sharing sites;open source projects;public signals;recruiters;social Web;social network sites;technical candidate assessment;technical positions;technical qualifications;Internet;LinkedIn;Media;Professional aspects;Recruitment;Social network services;Web and internet services;HCI;Internet;LinkedIn;Media;Professional aspects;Recruitment;Social network services;Web and internet services;collaborative computing;group and organization interfaces;information interfaces and representation;knowledge management;knowledge retrieval}, 
doi={10.1109/MS.2012.169}, 
ISSN={0740-7459},}

@inproceedings{Marlow:2013:ATS:2441776.2441794,
 author = {Marlow, Jennifer and Dabbish, Laura},
 title = {Activity Traces and Signals in Software Developer Recruitment and Hiring},
 booktitle = {Proceedings of the 2013 Conference on Computer Supported Cooperative Work},
 series = {CSCW '13},
 year = {2013},
 isbn = {978-1-4503-1331-5},
 location = {San Antonio, Texas, USA},
 pages = {145--156},
 numpages = {12},
 url = {http://doi.acm.org/10.1145/2441776.2441794},
 doi = {10.1145/2441776.2441794},
 acmid = {2441794},
 publisher = {ACM},
 address = {New York, NY, USA},
 keywords = {hiring, impression formation, impression management, open source software development, transparency},
}


@inproceedings{Venkataramani:2013:DTE:2487788.2487832,
 author = {Venkataramani, Rahul and Gupta, Atul and Asadullah, Allahbaksh and Muddu, Basavaraju and Bhat, Vasudev},
 title = {Discovery of Technical Expertise from Open Source Code Repositories},
 booktitle = {Proceedings of the 22Nd International Conference on World Wide Web Companion},
 series = {WWW '13 Companion},
 year = {2013},
 isbn = {978-1-4503-2038-2},
 location = {Rio de Janeiro, Brazil},
 pages = {97--98},
 numpages = {2},
 url = {http://dl.acm.org/citation.cfm?id=2487788.2487832},
 acmid = {2487832},
 publisher = {International World Wide Web Conferences Steering Committee},
 address = {Republic and Canton of Geneva, Switzerland},
 keywords = {github, knowledge discovery, recommendations, source code repository, stackoverflow, technical expertise},
}

@INPROCEEDINGS{6671295, 
author={Teyton, C. and Falleri, J.-R. and Morandat, F. and Blanc, X.}, 
booktitle={Reverse Engineering (WCRE), 2013 20th Working Conference on}, 
title={Find your library experts}, 
year={2013}, 
month={Oct}, 
pages={202-211}, 
keywords={data mining;public domain software;search engines;software maintenance;Apache HBase project;GitHub developers;Java libraries;Libtic search engine;software development;software maintenance;software repositories mining;third-party libraries;Communities;Indexes;Java;Libraries;Prototypes;Software}, 
doi={10.1109/WCRE.2013.6671295},}

@INPROCEEDINGS{6637537, 
author={Farah, G. and Correal, D.}, 
booktitle={Computing Colombian Conference (8CCC), 2013 8th}, 
title={Analysis of intercrossed open-source software repositories data in GitHub}, 
year={2013}, 
pages={1-6}, 
keywords={data mining;object-oriented programming;public domain software;software quality;GitHub;component analysis;component selection;cost reduction;intercrossed open-source software repository data analysis;product quality requirements;public software repositories;software applications;software development process streamlining;Crawlers;Data mining;Databases;HTML;Java;Mobile communication;Software;Data Mining;Information Search and recovery;Programming and Software Engineering}, 
doi={10.1109/ColombianCC.2013.6637537},}



@inproceedings{Allamanis:2013:MSC:2487085.2487127,
 author = {Allamanis, Miltiadis and Sutton, Charles},
 title = {Mining Source Code Repositories at Massive Scale Using Language Modeling},
 booktitle = {Proceedings of the 10th Working Conference on Mining Software Repositories},
 series = {MSR '13},
 year = {2013},
 isbn = {978-1-4673-2936-1},
 location = {San Francisco, CA, USA},
 pages = {207--216},
 numpages = {10},
 url = {http://dl.acm.org/citation.cfm?id=2487085.2487127},
 acmid = {2487127},
 publisher = {IEEE Press},
 address = {Piscataway, NJ, USA},
}

@INPROCEEDINGS{6676910, 
author={Venkataramani, R. and Asadullah, A. and Bhat, V. and Muddu, B.}, 
booktitle={Software Maintenance (ICSM), 2013 29th IEEE International Conference on}, 
title={Latent Co-development Analysis Based Semantic Search for Large Code Repositories}, 
year={2013}, 
month={Sept}, 
pages={372-375}, 
keywords={Web sites;data mining;distributed databases;groupware;meta data;question answering (information retrieval);software engineering;ubiquitous computing;GitHub;collaborative software development;concept hierarchy;distributed software development;latent co-development analysis based semantic search;latent co-development network mining;metadata;online question-and-answer Web site;project categorization;semantic search;source code repositories;Communities;Data mining;Electronic publishing;Information services;Semantics;Software;Taxonomy;Human aspects of software evolution;Software repository analysis and mining;semantic search;source code repositories}, 
doi={10.1109/ICSM.2013.50}, 
ISSN={1063-6773},}


@INPROCEEDINGS{6624033, 
author={Wagstrom, P. and Jergensen, C. and Sarma, A.}, 
booktitle={Mining Software Repositories (MSR), 2013 10th IEEE Working Conference on}, 
title={A network of Rails a graph dataset of Ruby on Rails and associated projects}, 
year={2013}, 
month={May}, 
pages={229-232}, 
keywords={application program interfaces;database management systems;programming languages;project management;public domain software;GitHub API;Rail network;Ruby on Rails;graph database;graph dataset;network properties assessment;open source projects;software projects;Communities;Databases;Ecosystems;Electronic mail;Rails;Robustness;Software;Data;GitHub;Graph Databases;Ruby on Rails}, 
doi={10.1109/MSR.2013.6624033}, 
ISSN={2160-1852},}

@INPROCEEDINGS{6649842, 
author={Bissyande, T.F. and Thung, F. and Lo, D. and Lingxiao Jiang and Reveillere, L.}, 
booktitle={Computer Software and Applications Conference (COMPSAC), 2013 IEEE 37th Annual}, 
title={Popularity, Interoperability, and Impact of Programming Languages in 100,000 Open Source Projects}, 
year={2013}, 
month={July}, 
pages={303-312}, 
keywords={functional languages;object-oriented languages;public domain software;GitHub;functional languages;object-oriented language;open source software projects;procedural languages;programming language impact;programming language interoperability;programming language popularity;Computers;Interoperability;Java;Measurement;Programming;Software;GitHub;Interoperability;Open source;Popularity;Programming languages;Software projects}, 
doi={10.1109/COMPSAC.2013.55},}

@inproceedings{Wu:2014:EES:2556420.2556483,
 author = {Wu, Yu and Kropczynski, Jessica and Shih, Patrick C. and Carroll, John M.},
 title = {Exploring the Ecosystem of Software Developers on GitHub and Other Platforms},
 booktitle = {Proceedings of the Companion Publication of the 17th ACM Conference on Computer Supported Cooperative Work \&\#38; Social Computing},
 series = {CSCW Companion '14},
 year = {2014},
 isbn = {978-1-4503-2541-7},
 location = {Baltimore, Maryland, USA},
 pages = {265--268},
 numpages = {4},
 url = {http://doi.acm.org/10.1145/2556420.2556483},
 doi = {10.1145/2556420.2556483},
 acmid = {2556483},
 publisher = {ACM},
 address = {New York, NY, USA},
 keywords = {GitHub, ecosystem, follow, social connection},
} 